@book{bi:book1,
  author =     {{Nachname1, Vorname1}},
  title =      {Why LaTeX templates are cool},
  publisher =      {HS AlbSig},
  year =      {2017},
  note = {Zugriff: 01.01.2017}
}

@book{bi:book2,
  author =     {{Nachname2, Vorname2}},
  title =      {Why .NET was a mistake},
  publisher =      {Linux Foundation},
  year =      {2017},
  note = {Zugriff: 01.01.2017}
}

@book{bi:book3,
  author =     {{Nachname3, Vorname3}},
  title =      {HTML is no programming language},
  publisher =      {HS AlbSig},
  year =      {2017},
  note = {Zugriff: 01.01.2017}
}